@article{DiGraphs,
    author = {JÃ¸rgen Bang-Jensen, Gregory Gutin},
    title = {Digraphs Theory, Algorithms and Applications},
    year = {2001},
    publisher = {Springer},
  
}

@techreport{wiki,
  institution  = {Wikipedia},
  author       = {Wikipedia}, 
  title        = {Graph theory},
  year         = {2022, September 27},
  url          = {https://en.wikipedia.org/wiki/Graph_theory},
}

@techreport{algorithms,
  author       = {Adamant-pwn, Jakobkogler, RodionGork,}, 
  title        = {Algorithms for Competitive Programming},
  institution  = {CP Algorithms},
  year         = 2014,
  url          = {https://cp-algorithms.com/}
}

@article{graphs,
    author = { Thomas H. Cormen, Charles E. Leiserson, Ronald Rivest, Clifford Stein},
    title = { Introduction to Algorithm},
   year={1989}
}

@techreport{software,
    author = {Visual Go Software,} ,
    title = {visualing data structures through animation},
    url     = {https://visualgo.net/en},
   year={2010}
}